%% Created for Jannes  at 2015-06-22 17:21:34 +0200 


%% Saved with string encoding Unicode (UTF-8) 

@online{googlemaps,
	Title = {Mittelberg, Österreich},
	Author = {Google Maps},
	Year = {2017},
	Note ={Grafik erstellt mit \texttt{getmap}-Paket},
	Url ={https://www.google.de/maps/@47.3255407,10.1516472,13.34z/data=!5m1!1e4},
	Urldate = {2017-03-15},
	Shorthand = {GM}}


@book{BroJae,
	Author = {Broecker, T. and Jänich, K.},
	Edition = {1},
	Publisher = {Springer},
	Title = {Einführung in die {D}ifferentialtopologie},
	Year = {1973}}


@book{Miln,
	Author = {Milnor, John},
	Edition = {8th Printing},
	Publisher = {The University Press of Virginia Charlottesville},
	Title = {Topology from the {D}ifferentiable {V}iewpoint},
	Year = {1990}}
	

@book{MilnorMorse,
  title={Morse Theory},
  author={Milnor, John},
  series={Annals of Mathematics Studies},
  number={51},
  year={1963},
  publisher={Princeton University Press}
}

@article{buchin2015,
  title={Trajectory grouping structure},
  author={Buchin, Kevin and Buchin, Maike and van Kreveld, Marc and Speckmann, Bettina and Staals, Frank},
  journal={Journal of Computational Geometry},
  volume={6},
  number={1},
  pages={75--98},
  year={2015}
}

@book{compTopo,
  title={Computational topology: an introduction},
  author={Edelsbrunner, Herbert and Harer, John},
  year={2010},
  publisher={American Mathematical Soc.}
}

@article{dynamictrees,
  title={A data structure for dynamic trees},
  author={Sleator, Daniel D. and Tarjan, Robert Endre},
  journal={Journal of computer and system sciences},
  volume={26},
  number={3},
  pages={362--391},
  year={1983},
  publisher={Elsevier}
}

@inproceedings{parsaReeb,
  title={A deterministic $\mathcal{O}(m \log m)$ time algorithm for the reeb graph},
  author={Parsa, Salman},
  booktitle={Proceedings of the twenty-eighth annual symposium on Computational geometry},
  pages={269--276},
  year={2012},
  organization={ACM}
}

@book{cormenIntroduction,
  title={Introduction to Algorithms},
  edition={2nd},
  author={Cormen, Thomas H. and Leiserson, Charles E. and Rivest, Ronald L. and Stein, Clifford},
  year={2001},
  publisher={The MIT Press and McGraw-Hill}
}

@InProceedings{grouping_improved,
  author =	{Marc van Kreveld and Maarten Löffler and Frank Staals and Lionov Wiratma},
  title =	{{A Refined Definition for Groups of Moving Entities and its Computation}},
  booktitle =	{27th International Symposium on Algorithms and Computation (ISAAC 2016)},
  pages =	{48:1--48:12},
  series =	{Leibniz International Proceedings in Informatics (LIPIcs)},
  year =	{2016},
  volume =	{64},
  editor =	{Seok-Hee Hong},
  publisher =	{Schloss Dagstuhl--Leibniz-Zentrum für Informatik},
  address =	{Dagstuhl, Germany},
  URL =		{http://drops.dagstuhl.de/opus/volltexte/2016/6818}
}
